%YAML 1.1
%TAG !u! tag:unity3d.com,2011:
--- !u!1 &2589338465141571404
GameObject:
  m_ObjectHideFlags: 0
  m_CorrespondingSourceObject: {fileID: 0}
  m_PrefabInstance: {fileID: 0}
  m_PrefabAsset: {fileID: 0}
  serializedVersion: 6
  m_Component:
  - component: {fileID: 2589338465141571407}
  m_Layer: 0
  m_Name: Tile06
  m_TagString: Untagged
  m_Icon: {fileID: 0}
  m_NavMeshLayer: 0
  m_StaticEditorFlags: 0
  m_IsActive: 1
--- !u!4 &2589338465141571407
Transform:
  m_ObjectHideFlags: 0
  m_CorrespondingSourceObject: {fileID: 0}
  m_PrefabInstance: {fileID: 0}
  m_PrefabAsset: {fileID: 0}
  m_GameObject: {fileID: 2589338465141571404}
  m_LocalRotation: {x: 0, y: 0, z: 0, w: 1}
  m_LocalPosition: {x: 0, y: 0, z: 0}
  m_LocalScale: {x: 1, y: 1, z: 1}
  m_Children:
  - {fileID: 1458101327741575115}
  - {fileID: 166693132700929954}
  - {fileID: 166693132186279634}
  - {fileID: 166693132019332157}
  - {fileID: 740927283146879642}
  - {fileID: 740927282669330861}
  - {fileID: 740927282444502345}
  - {fileID: 740927283442996006}
  - {fileID: 4543112383840477331}
  - {fileID: 740927284198596884}
  - {fileID: 166693132074304940}
  m_Father: {fileID: 0}
  m_RootOrder: 0
  m_LocalEulerAnglesHint: {x: 0, y: 0, z: 0}
--- !u!1001 &2589338463116006532
PrefabInstance:
  m_ObjectHideFlags: 0
  serializedVersion: 2
  m_Modification:
    m_TransformParent: {fileID: 2589338465141571407}
    m_Modifications:
    - target: {fileID: 3001474248713987614, guid: e153218d49474124fa4343e4cfe0c139,
        type: 3}
      propertyPath: m_LocalPosition.x
      value: 2.38
      objectReference: {fileID: 0}
    - target: {fileID: 3001474248713987614, guid: e153218d49474124fa4343e4cfe0c139,
        type: 3}
      propertyPath: m_LocalPosition.y
      value: -0.8
      objectReference: {fileID: 0}
    - target: {fileID: 3001474248713987614, guid: e153218d49474124fa4343e4cfe0c139,
        type: 3}
      propertyPath: m_LocalPosition.z
      value: 4.23
      objectReference: {fileID: 0}
    - target: {fileID: 3001474248713987614, guid: e153218d49474124fa4343e4cfe0c139,
        type: 3}
      propertyPath: m_LocalRotation.x
      value: -0
      objectReference: {fileID: 0}
    - target: {fileID: 3001474248713987614, guid: e153218d49474124fa4343e4cfe0c139,
        type: 3}
      propertyPath: m_LocalRotation.y
      value: -0
      objectReference: {fileID: 0}
    - target: {fileID: 3001474248713987614, guid: e153218d49474124fa4343e4cfe0c139,
        type: 3}
      propertyPath: m_LocalRotation.z
      value: -0
      objectReference: {fileID: 0}
    - target: {fileID: 3001474248713987614, guid: e153218d49474124fa4343e4cfe0c139,
        type: 3}
      propertyPath: m_LocalRotation.w
      value: 1
      objectReference: {fileID: 0}
    - target: {fileID: 3001474248713987614, guid: e153218d49474124fa4343e4cfe0c139,
        type: 3}
      propertyPath: m_RootOrder
      value: 4
      objectReference: {fileID: 0}
    - target: {fileID: 3001474248713987614, guid: e153218d49474124fa4343e4cfe0c139,
        type: 3}
      propertyPath: m_LocalEulerAnglesHint.x
      value: 0
      objectReference: {fileID: 0}
    - target: {fileID: 3001474248713987614, guid: e153218d49474124fa4343e4cfe0c139,
        type: 3}
      propertyPath: m_LocalEulerAnglesHint.y
      value: 0
      objectReference: {fileID: 0}
    - target: {fileID: 3001474248713987614, guid: e153218d49474124fa4343e4cfe0c139,
        type: 3}
      propertyPath: m_LocalEulerAnglesHint.z
      value: 0
      objectReference: {fileID: 0}
    - target: {fileID: 3001474248713987615, guid: e153218d49474124fa4343e4cfe0c139,
        type: 3}
      propertyPath: m_Name
      value: Moneda (1)
      objectReference: {fileID: 0}
    m_RemovedComponents: []
  m_SourcePrefab: {fileID: 100100000, guid: e153218d49474124fa4343e4cfe0c139, type: 3}
--- !u!4 &740927283146879642 stripped
Transform:
  m_CorrespondingSourceObject: {fileID: 3001474248713987614, guid: e153218d49474124fa4343e4cfe0c139,
    type: 3}
  m_PrefabInstance: {fileID: 2589338463116006532}
  m_PrefabAsset: {fileID: 0}
--- !u!1001 &2589338463127392125
PrefabInstance:
  m_ObjectHideFlags: 0
  serializedVersion: 2
  m_Modification:
    m_TransformParent: {fileID: 2589338465141571407}
    m_Modifications:
    - target: {fileID: 2431692114829185455, guid: e768e70f0bce2b048812fd26cd62fe1d,
        type: 3}
      propertyPath: m_LocalPosition.x
      value: 0.56550145
      objectReference: {fileID: 0}
    - target: {fileID: 2431692114829185455, guid: e768e70f0bce2b048812fd26cd62fe1d,
        type: 3}
      propertyPath: m_LocalPosition.y
      value: 0
      objectReference: {fileID: 0}
    - target: {fileID: 2431692114829185455, guid: e768e70f0bce2b048812fd26cd62fe1d,
        type: 3}
      propertyPath: m_LocalPosition.z
      value: 8.100041
      objectReference: {fileID: 0}
    - target: {fileID: 2431692114829185455, guid: e768e70f0bce2b048812fd26cd62fe1d,
        type: 3}
      propertyPath: m_LocalRotation.x
      value: -0
      objectReference: {fileID: 0}
    - target: {fileID: 2431692114829185455, guid: e768e70f0bce2b048812fd26cd62fe1d,
        type: 3}
      propertyPath: m_LocalRotation.y
      value: -0.093873054
      objectReference: {fileID: 0}
    - target: {fileID: 2431692114829185455, guid: e768e70f0bce2b048812fd26cd62fe1d,
        type: 3}
      propertyPath: m_LocalRotation.z
      value: -0
      objectReference: {fileID: 0}
    - target: {fileID: 2431692114829185455, guid: e768e70f0bce2b048812fd26cd62fe1d,
        type: 3}
      propertyPath: m_LocalRotation.w
      value: 0.99558425
      objectReference: {fileID: 0}
    - target: {fileID: 2431692114829185455, guid: e768e70f0bce2b048812fd26cd62fe1d,
        type: 3}
      propertyPath: m_RootOrder
      value: 2
      objectReference: {fileID: 0}
    - target: {fileID: 2431692114829185455, guid: e768e70f0bce2b048812fd26cd62fe1d,
        type: 3}
      propertyPath: m_LocalEulerAnglesHint.x
      value: 0
      objectReference: {fileID: 0}
    - target: {fileID: 2431692114829185455, guid: e768e70f0bce2b048812fd26cd62fe1d,
        type: 3}
      propertyPath: m_LocalEulerAnglesHint.y
      value: -10.773001
      objectReference: {fileID: 0}
    - target: {fileID: 2431692114829185455, guid: e768e70f0bce2b048812fd26cd62fe1d,
        type: 3}
      propertyPath: m_LocalEulerAnglesHint.z
      value: 0
      objectReference: {fileID: 0}
    - target: {fileID: 2431692114829185456, guid: e768e70f0bce2b048812fd26cd62fe1d,
        type: 3}
      propertyPath: m_Name
      value: Cono (2)
      objectReference: {fileID: 0}
    m_RemovedComponents: []
  m_SourcePrefab: {fileID: 100100000, guid: e768e70f0bce2b048812fd26cd62fe1d, type: 3}
--- !u!4 &166693132186279634 stripped
Transform:
  m_CorrespondingSourceObject: {fileID: 2431692114829185455, guid: e768e70f0bce2b048812fd26cd62fe1d,
    type: 3}
  m_PrefabInstance: {fileID: 2589338463127392125}
  m_PrefabAsset: {fileID: 0}
--- !u!1001 &2589338463675473421
PrefabInstance:
  m_ObjectHideFlags: 0
  serializedVersion: 2
  m_Modification:
    m_TransformParent: {fileID: 2589338465141571407}
    m_Modifications:
    - target: {fileID: 2431692114829185455, guid: e768e70f0bce2b048812fd26cd62fe1d,
        type: 3}
      propertyPath: m_LocalPosition.x
      value: 0.85617125
      objectReference: {fileID: 0}
    - target: {fileID: 2431692114829185455, guid: e768e70f0bce2b048812fd26cd62fe1d,
        type: 3}
      propertyPath: m_LocalPosition.y
      value: 0
      objectReference: {fileID: 0}
    - target: {fileID: 2431692114829185455, guid: e768e70f0bce2b048812fd26cd62fe1d,
        type: 3}
      propertyPath: m_LocalPosition.z
      value: 5.2088537
      objectReference: {fileID: 0}
    - target: {fileID: 2431692114829185455, guid: e768e70f0bce2b048812fd26cd62fe1d,
        type: 3}
      propertyPath: m_LocalRotation.x
      value: -0
      objectReference: {fileID: 0}
    - target: {fileID: 2431692114829185455, guid: e768e70f0bce2b048812fd26cd62fe1d,
        type: 3}
      propertyPath: m_LocalRotation.y
      value: 0.14335118
      objectReference: {fileID: 0}
    - target: {fileID: 2431692114829185455, guid: e768e70f0bce2b048812fd26cd62fe1d,
        type: 3}
      propertyPath: m_LocalRotation.z
      value: -0
      objectReference: {fileID: 0}
    - target: {fileID: 2431692114829185455, guid: e768e70f0bce2b048812fd26cd62fe1d,
        type: 3}
      propertyPath: m_LocalRotation.w
      value: 0.9896719
      objectReference: {fileID: 0}
    - target: {fileID: 2431692114829185455, guid: e768e70f0bce2b048812fd26cd62fe1d,
        type: 3}
      propertyPath: m_RootOrder
      value: 1
      objectReference: {fileID: 0}
    - target: {fileID: 2431692114829185455, guid: e768e70f0bce2b048812fd26cd62fe1d,
        type: 3}
      propertyPath: m_LocalEulerAnglesHint.x
      value: 0
      objectReference: {fileID: 0}
    - target: {fileID: 2431692114829185455, guid: e768e70f0bce2b048812fd26cd62fe1d,
        type: 3}
      propertyPath: m_LocalEulerAnglesHint.y
      value: 16.484001
      objectReference: {fileID: 0}
    - target: {fileID: 2431692114829185455, guid: e768e70f0bce2b048812fd26cd62fe1d,
        type: 3}
      propertyPath: m_LocalEulerAnglesHint.z
      value: 0
      objectReference: {fileID: 0}
    - target: {fileID: 2431692114829185456, guid: e768e70f0bce2b048812fd26cd62fe1d,
        type: 3}
      propertyPath: m_Name
      value: Cono (1)
      objectReference: {fileID: 0}
    m_RemovedComponents: []
  m_SourcePrefab: {fileID: 100100000, guid: e768e70f0bce2b048812fd26cd62fe1d, type: 3}
--- !u!4 &166693132700929954 stripped
Transform:
  m_CorrespondingSourceObject: {fileID: 2431692114829185455, guid: e768e70f0bce2b048812fd26cd62fe1d,
    type: 3}
  m_PrefabInstance: {fileID: 2589338463675473421}
  m_PrefabAsset: {fileID: 0}
--- !u!1001 &2589338463680776115
PrefabInstance:
  m_ObjectHideFlags: 0
  serializedVersion: 2
  m_Modification:
    m_TransformParent: {fileID: 2589338465141571407}
    m_Modifications:
    - target: {fileID: 3001474248713987614, guid: e153218d49474124fa4343e4cfe0c139,
        type: 3}
      propertyPath: m_LocalPosition.x
      value: 2.38
      objectReference: {fileID: 0}
    - target: {fileID: 3001474248713987614, guid: e153218d49474124fa4343e4cfe0c139,
        type: 3}
      propertyPath: m_LocalPosition.y
      value: -0.8
      objectReference: {fileID: 0}
    - target: {fileID: 3001474248713987614, guid: e153218d49474124fa4343e4cfe0c139,
        type: 3}
      propertyPath: m_LocalPosition.z
      value: 6.02
      objectReference: {fileID: 0}
    - target: {fileID: 3001474248713987614, guid: e153218d49474124fa4343e4cfe0c139,
        type: 3}
      propertyPath: m_LocalRotation.x
      value: -0
      objectReference: {fileID: 0}
    - target: {fileID: 3001474248713987614, guid: e153218d49474124fa4343e4cfe0c139,
        type: 3}
      propertyPath: m_LocalRotation.y
      value: -0
      objectReference: {fileID: 0}
    - target: {fileID: 3001474248713987614, guid: e153218d49474124fa4343e4cfe0c139,
        type: 3}
      propertyPath: m_LocalRotation.z
      value: -0
      objectReference: {fileID: 0}
    - target: {fileID: 3001474248713987614, guid: e153218d49474124fa4343e4cfe0c139,
        type: 3}
      propertyPath: m_LocalRotation.w
      value: 1
      objectReference: {fileID: 0}
    - target: {fileID: 3001474248713987614, guid: e153218d49474124fa4343e4cfe0c139,
        type: 3}
      propertyPath: m_RootOrder
      value: 5
      objectReference: {fileID: 0}
    - target: {fileID: 3001474248713987614, guid: e153218d49474124fa4343e4cfe0c139,
        type: 3}
      propertyPath: m_LocalEulerAnglesHint.x
      value: 0
      objectReference: {fileID: 0}
    - target: {fileID: 3001474248713987614, guid: e153218d49474124fa4343e4cfe0c139,
        type: 3}
      propertyPath: m_LocalEulerAnglesHint.y
      value: 0
      objectReference: {fileID: 0}
    - target: {fileID: 3001474248713987614, guid: e153218d49474124fa4343e4cfe0c139,
        type: 3}
      propertyPath: m_LocalEulerAnglesHint.z
      value: 0
      objectReference: {fileID: 0}
    - target: {fileID: 3001474248713987615, guid: e153218d49474124fa4343e4cfe0c139,
        type: 3}
      propertyPath: m_Name
      value: Moneda (2)
      objectReference: {fileID: 0}
    m_RemovedComponents: []
  m_SourcePrefab: {fileID: 100100000, guid: e153218d49474124fa4343e4cfe0c139, type: 3}
--- !u!4 &740927282669330861 stripped
Transform:
  m_CorrespondingSourceObject: {fileID: 3001474248713987614, guid: e153218d49474124fa4343e4cfe0c139,
    type: 3}
  m_PrefabInstance: {fileID: 2589338463680776115}
  m_PrefabAsset: {fileID: 0}
--- !u!1001 &2589338463892693847
PrefabInstance:
  m_ObjectHideFlags: 0
  serializedVersion: 2
  m_Modification:
    m_TransformParent: {fileID: 2589338465141571407}
    m_Modifications:
    - target: {fileID: 3001474248713987614, guid: e153218d49474124fa4343e4cfe0c139,
        type: 3}
      propertyPath: m_LocalPosition.x
      value: 2.38
      objectReference: {fileID: 0}
    - target: {fileID: 3001474248713987614, guid: e153218d49474124fa4343e4cfe0c139,
        type: 3}
      propertyPath: m_LocalPosition.y
      value: -0.8
      objectReference: {fileID: 0}
    - target: {fileID: 3001474248713987614, guid: e153218d49474124fa4343e4cfe0c139,
        type: 3}
      propertyPath: m_LocalPosition.z
      value: 7.77
      objectReference: {fileID: 0}
    - target: {fileID: 3001474248713987614, guid: e153218d49474124fa4343e4cfe0c139,
        type: 3}
      propertyPath: m_LocalRotation.x
      value: -0
      objectReference: {fileID: 0}
    - target: {fileID: 3001474248713987614, guid: e153218d49474124fa4343e4cfe0c139,
        type: 3}
      propertyPath: m_LocalRotation.y
      value: -0
      objectReference: {fileID: 0}
    - target: {fileID: 3001474248713987614, guid: e153218d49474124fa4343e4cfe0c139,
        type: 3}
      propertyPath: m_LocalRotation.z
      value: -0
      objectReference: {fileID: 0}
    - target: {fileID: 3001474248713987614, guid: e153218d49474124fa4343e4cfe0c139,
        type: 3}
      propertyPath: m_LocalRotation.w
      value: 1
      objectReference: {fileID: 0}
    - target: {fileID: 3001474248713987614, guid: e153218d49474124fa4343e4cfe0c139,
        type: 3}
      propertyPath: m_RootOrder
      value: 6
      objectReference: {fileID: 0}
    - target: {fileID: 3001474248713987614, guid: e153218d49474124fa4343e4cfe0c139,
        type: 3}
      propertyPath: m_LocalEulerAnglesHint.x
      value: 0
      objectReference: {fileID: 0}
    - target: {fileID: 3001474248713987614, guid: e153218d49474124fa4343e4cfe0c139,
        type: 3}
      propertyPath: m_LocalEulerAnglesHint.y
      value: 0
      objectReference: {fileID: 0}
    - target: {fileID: 3001474248713987614, guid: e153218d49474124fa4343e4cfe0c139,
        type: 3}
      propertyPath: m_LocalEulerAnglesHint.z
      value: 0
      objectReference: {fileID: 0}
    - target: {fileID: 3001474248713987615, guid: e153218d49474124fa4343e4cfe0c139,
        type: 3}
      propertyPath: m_Name
      value: Moneda (3)
      objectReference: {fileID: 0}
    m_RemovedComponents: []
  m_SourcePrefab: {fileID: 100100000, guid: e153218d49474124fa4343e4cfe0c139, type: 3}
--- !u!4 &740927282444502345 stripped
Transform:
  m_CorrespondingSourceObject: {fileID: 3001474248713987614, guid: e153218d49474124fa4343e4cfe0c139,
    type: 3}
  m_PrefabInstance: {fileID: 2589338463892693847}
  m_PrefabAsset: {fileID: 0}
--- !u!1001 &2589338464270485258
PrefabInstance:
  m_ObjectHideFlags: 0
  serializedVersion: 2
  m_Modification:
    m_TransformParent: {fileID: 2589338465141571407}
    m_Modifications:
    - target: {fileID: 3001474248713987614, guid: e153218d49474124fa4343e4cfe0c139,
        type: 3}
      propertyPath: m_LocalPosition.x
      value: 2.38
      objectReference: {fileID: 0}
    - target: {fileID: 3001474248713987614, guid: e153218d49474124fa4343e4cfe0c139,
        type: 3}
      propertyPath: m_LocalPosition.y
      value: -0.8
      objectReference: {fileID: 0}
    - target: {fileID: 3001474248713987614, guid: e153218d49474124fa4343e4cfe0c139,
        type: 3}
      propertyPath: m_LocalPosition.z
      value: 2.37
      objectReference: {fileID: 0}
    - target: {fileID: 3001474248713987614, guid: e153218d49474124fa4343e4cfe0c139,
        type: 3}
      propertyPath: m_LocalRotation.x
      value: -0
      objectReference: {fileID: 0}
    - target: {fileID: 3001474248713987614, guid: e153218d49474124fa4343e4cfe0c139,
        type: 3}
      propertyPath: m_LocalRotation.y
      value: -0
      objectReference: {fileID: 0}
    - target: {fileID: 3001474248713987614, guid: e153218d49474124fa4343e4cfe0c139,
        type: 3}
      propertyPath: m_LocalRotation.z
      value: -0
      objectReference: {fileID: 0}
    - target: {fileID: 3001474248713987614, guid: e153218d49474124fa4343e4cfe0c139,
        type: 3}
      propertyPath: m_LocalRotation.w
      value: 1
      objectReference: {fileID: 0}
    - target: {fileID: 3001474248713987614, guid: e153218d49474124fa4343e4cfe0c139,
        type: 3}
      propertyPath: m_RootOrder
      value: 9
      objectReference: {fileID: 0}
    - target: {fileID: 3001474248713987614, guid: e153218d49474124fa4343e4cfe0c139,
        type: 3}
      propertyPath: m_LocalEulerAnglesHint.x
      value: 0
      objectReference: {fileID: 0}
    - target: {fileID: 3001474248713987614, guid: e153218d49474124fa4343e4cfe0c139,
        type: 3}
      propertyPath: m_LocalEulerAnglesHint.y
      value: 0
      objectReference: {fileID: 0}
    - target: {fileID: 3001474248713987614, guid: e153218d49474124fa4343e4cfe0c139,
        type: 3}
      propertyPath: m_LocalEulerAnglesHint.z
      value: 0
      objectReference: {fileID: 0}
    - target: {fileID: 3001474248713987615, guid: e153218d49474124fa4343e4cfe0c139,
        type: 3}
      propertyPath: m_Name
      value: Moneda
      objectReference: {fileID: 0}
    m_RemovedComponents: []
  m_SourcePrefab: {fileID: 100100000, guid: e153218d49474124fa4343e4cfe0c139, type: 3}
--- !u!4 &740927284198596884 stripped
Transform:
  m_CorrespondingSourceObject: {fileID: 3001474248713987614, guid: e153218d49474124fa4343e4cfe0c139,
    type: 3}
  m_PrefabInstance: {fileID: 2589338464270485258}
  m_PrefabAsset: {fileID: 0}
--- !u!1001 &2589338464860694543
PrefabInstance:
  m_ObjectHideFlags: 0
  serializedVersion: 2
  m_Modification:
    m_TransformParent: {fileID: 2589338465141571407}
    m_Modifications:
    - target: {fileID: 110412043376379351, guid: 09278ecb22710624cbd7edf39fc62fd9,
        type: 3}
      propertyPath: m_Name
      value: tramo01
      objectReference: {fileID: 0}
    - target: {fileID: 4022588526637430724, guid: 09278ecb22710624cbd7edf39fc62fd9,
        type: 3}
      propertyPath: m_LocalPosition.x
      value: 5
      objectReference: {fileID: 0}
    - target: {fileID: 4022588526637430724, guid: 09278ecb22710624cbd7edf39fc62fd9,
        type: 3}
      propertyPath: m_LocalPosition.y
      value: -2
      objectReference: {fileID: 0}
    - target: {fileID: 4022588526637430724, guid: 09278ecb22710624cbd7edf39fc62fd9,
        type: 3}
      propertyPath: m_LocalPosition.z
      value: 12.6
      objectReference: {fileID: 0}
    - target: {fileID: 4022588526637430724, guid: 09278ecb22710624cbd7edf39fc62fd9,
        type: 3}
      propertyPath: m_LocalRotation.x
      value: -0
      objectReference: {fileID: 0}
    - target: {fileID: 4022588526637430724, guid: 09278ecb22710624cbd7edf39fc62fd9,
        type: 3}
      propertyPath: m_LocalRotation.y
      value: -0
      objectReference: {fileID: 0}
    - target: {fileID: 4022588526637430724, guid: 09278ecb22710624cbd7edf39fc62fd9,
        type: 3}
      propertyPath: m_LocalRotation.z
      value: -0
      objectReference: {fileID: 0}
    - target: {fileID: 4022588526637430724, guid: 09278ecb22710624cbd7edf39fc62fd9,
        type: 3}
      propertyPath: m_LocalRotation.w
      value: 1
      objectReference: {fileID: 0}
    - target: {fileID: 4022588526637430724, guid: 09278ecb22710624cbd7edf39fc62fd9,
        type: 3}
      propertyPath: m_RootOrder
      value: 0
      objectReference: {fileID: 0}
    - target: {fileID: 4022588526637430724, guid: 09278ecb22710624cbd7edf39fc62fd9,
        type: 3}
      propertyPath: m_LocalEulerAnglesHint.x
      value: 0
      objectReference: {fileID: 0}
    - target: {fileID: 4022588526637430724, guid: 09278ecb22710624cbd7edf39fc62fd9,
        type: 3}
      propertyPath: m_LocalEulerAnglesHint.y
      value: 0
      objectReference: {fileID: 0}
    - target: {fileID: 4022588526637430724, guid: 09278ecb22710624cbd7edf39fc62fd9,
        type: 3}
      propertyPath: m_LocalEulerAnglesHint.z
      value: 0
      objectReference: {fileID: 0}
    m_RemovedComponents: []
  m_SourcePrefab: {fileID: 100100000, guid: 09278ecb22710624cbd7edf39fc62fd9, type: 3}
--- !u!4 &1458101327741575115 stripped
Transform:
  m_CorrespondingSourceObject: {fileID: 4022588526637430724, guid: 09278ecb22710624cbd7edf39fc62fd9,
    type: 3}
  m_PrefabInstance: {fileID: 2589338464860694543}
  m_PrefabAsset: {fileID: 0}
--- !u!1001 &2589338465025373496
PrefabInstance:
  m_ObjectHideFlags: 0
  serializedVersion: 2
  m_Modification:
    m_TransformParent: {fileID: 2589338465141571407}
    m_Modifications:
    - target: {fileID: 3001474248713987614, guid: e153218d49474124fa4343e4cfe0c139,
        type: 3}
      propertyPath: m_LocalPosition.x
      value: 2.38
      objectReference: {fileID: 0}
    - target: {fileID: 3001474248713987614, guid: e153218d49474124fa4343e4cfe0c139,
        type: 3}
      propertyPath: m_LocalPosition.y
      value: -0.8
      objectReference: {fileID: 0}
    - target: {fileID: 3001474248713987614, guid: e153218d49474124fa4343e4cfe0c139,
        type: 3}
      propertyPath: m_LocalPosition.z
      value: 9.69
      objectReference: {fileID: 0}
    - target: {fileID: 3001474248713987614, guid: e153218d49474124fa4343e4cfe0c139,
        type: 3}
      propertyPath: m_LocalRotation.x
      value: -0
      objectReference: {fileID: 0}
    - target: {fileID: 3001474248713987614, guid: e153218d49474124fa4343e4cfe0c139,
        type: 3}
      propertyPath: m_LocalRotation.y
      value: -0
      objectReference: {fileID: 0}
    - target: {fileID: 3001474248713987614, guid: e153218d49474124fa4343e4cfe0c139,
        type: 3}
      propertyPath: m_LocalRotation.z
      value: -0
      objectReference: {fileID: 0}
    - target: {fileID: 3001474248713987614, guid: e153218d49474124fa4343e4cfe0c139,
        type: 3}
      propertyPath: m_LocalRotation.w
      value: 1
      objectReference: {fileID: 0}
    - target: {fileID: 3001474248713987614, guid: e153218d49474124fa4343e4cfe0c139,
        type: 3}
      propertyPath: m_RootOrder
      value: 7
      objectReference: {fileID: 0}
    - target: {fileID: 3001474248713987614, guid: e153218d49474124fa4343e4cfe0c139,
        type: 3}
      propertyPath: m_LocalEulerAnglesHint.x
      value: 0
      objectReference: {fileID: 0}
    - target: {fileID: 3001474248713987614, guid: e153218d49474124fa4343e4cfe0c139,
        type: 3}
      propertyPath: m_LocalEulerAnglesHint.y
      value: 0
      objectReference: {fileID: 0}
    - target: {fileID: 3001474248713987614, guid: e153218d49474124fa4343e4cfe0c139,
        type: 3}
      propertyPath: m_LocalEulerAnglesHint.z
      value: 0
      objectReference: {fileID: 0}
    - target: {fileID: 3001474248713987615, guid: e153218d49474124fa4343e4cfe0c139,
        type: 3}
      propertyPath: m_Name
      value: Moneda (4)
      objectReference: {fileID: 0}
    m_RemovedComponents: []
  m_SourcePrefab: {fileID: 100100000, guid: e153218d49474124fa4343e4cfe0c139, type: 3}
--- !u!4 &740927283442996006 stripped
Transform:
  m_CorrespondingSourceObject: {fileID: 3001474248713987614, guid: e153218d49474124fa4343e4cfe0c139,
    type: 3}
  m_PrefabInstance: {fileID: 2589338465025373496}
  m_PrefabAsset: {fileID: 0}
--- !u!1001 &2589338465112577027
PrefabInstance:
  m_ObjectHideFlags: 0
  serializedVersion: 2
  m_Modification:
    m_TransformParent: {fileID: 2589338465141571407}
    m_Modifications:
    - target: {fileID: 2431692114829185455, guid: e768e70f0bce2b048812fd26cd62fe1d,
        type: 3}
      propertyPath: m_LocalPosition.x
      value: 0.6738216
      objectReference: {fileID: 0}
    - target: {fileID: 2431692114829185455, guid: e768e70f0bce2b048812fd26cd62fe1d,
        type: 3}
      propertyPath: m_LocalPosition.y
      value: 0
      objectReference: {fileID: 0}
    - target: {fileID: 2431692114829185455, guid: e768e70f0bce2b048812fd26cd62fe1d,
        type: 3}
      propertyPath: m_LocalPosition.z
      value: 3.123732
      objectReference: {fileID: 0}
    - target: {fileID: 2431692114829185455, guid: e768e70f0bce2b048812fd26cd62fe1d,
        type: 3}
      propertyPath: m_LocalRotation.x
      value: -0
      objectReference: {fileID: 0}
    - target: {fileID: 2431692114829185455, guid: e768e70f0bce2b048812fd26cd62fe1d,
        type: 3}
      propertyPath: m_LocalRotation.y
      value: -0.018604904
      objectReference: {fileID: 0}
    - target: {fileID: 2431692114829185455, guid: e768e70f0bce2b048812fd26cd62fe1d,
        type: 3}
      propertyPath: m_LocalRotation.z
      value: -0
      objectReference: {fileID: 0}
    - target: {fileID: 2431692114829185455, guid: e768e70f0bce2b048812fd26cd62fe1d,
        type: 3}
      propertyPath: m_LocalRotation.w
      value: 0.9998269
      objectReference: {fileID: 0}
    - target: {fileID: 2431692114829185455, guid: e768e70f0bce2b048812fd26cd62fe1d,
        type: 3}
      propertyPath: m_RootOrder
      value: 10
      objectReference: {fileID: 0}
    - target: {fileID: 2431692114829185455, guid: e768e70f0bce2b048812fd26cd62fe1d,
        type: 3}
      propertyPath: m_LocalEulerAnglesHint.x
      value: 0
      objectReference: {fileID: 0}
    - target: {fileID: 2431692114829185455, guid: e768e70f0bce2b048812fd26cd62fe1d,
        type: 3}
      propertyPath: m_LocalEulerAnglesHint.y
      value: -2.1320002
      objectReference: {fileID: 0}
    - target: {fileID: 2431692114829185455, guid: e768e70f0bce2b048812fd26cd62fe1d,
        type: 3}
      propertyPath: m_LocalEulerAnglesHint.z
      value: 0
      objectReference: {fileID: 0}
    - target: {fileID: 2431692114829185456, guid: e768e70f0bce2b048812fd26cd62fe1d,
        type: 3}
      propertyPath: m_Name
      value: Cono
      objectReference: {fileID: 0}
    m_RemovedComponents: []
  m_SourcePrefab: {fileID: 100100000, guid: e768e70f0bce2b048812fd26cd62fe1d, type: 3}
--- !u!4 &166693132074304940 stripped
Transform:
  m_CorrespondingSourceObject: {fileID: 2431692114829185455, guid: e768e70f0bce2b048812fd26cd62fe1d,
    type: 3}
  m_PrefabInstance: {fileID: 2589338465112577027}
  m_PrefabAsset: {fileID: 0}
--- !u!1001 &2589338465158129042
PrefabInstance:
  m_ObjectHideFlags: 0
  serializedVersion: 2
  m_Modification:
    m_TransformParent: {fileID: 2589338465141571407}
    m_Modifications:
    - target: {fileID: 2431692114829185455, guid: e768e70f0bce2b048812fd26cd62fe1d,
        type: 3}
      propertyPath: m_LocalPosition.x
      value: 0.30194178
      objectReference: {fileID: 0}
    - target: {fileID: 2431692114829185455, guid: e768e70f0bce2b048812fd26cd62fe1d,
        type: 3}
      propertyPath: m_LocalPosition.y
      value: 0
      objectReference: {fileID: 0}
    - target: {fileID: 2431692114829185455, guid: e768e70f0bce2b048812fd26cd62fe1d,
        type: 3}
      propertyPath: m_LocalPosition.z
      value: 10.683596
      objectReference: {fileID: 0}
    - target: {fileID: 2431692114829185455, guid: e768e70f0bce2b048812fd26cd62fe1d,
        type: 3}
      propertyPath: m_LocalRotation.x
      value: -0
      objectReference: {fileID: 0}
    - target: {fileID: 2431692114829185455, guid: e768e70f0bce2b048812fd26cd62fe1d,
        type: 3}
      propertyPath: m_LocalRotation.y
      value: -0.25031897
      objectReference: {fileID: 0}
    - target: {fileID: 2431692114829185455, guid: e768e70f0bce2b048812fd26cd62fe1d,
        type: 3}
      propertyPath: m_LocalRotation.z
      value: -0
      objectReference: {fileID: 0}
    - target: {fileID: 2431692114829185455, guid: e768e70f0bce2b048812fd26cd62fe1d,
        type: 3}
      propertyPath: m_LocalRotation.w
      value: 0.96816343
      objectReference: {fileID: 0}
    - target: {fileID: 2431692114829185455, guid: e768e70f0bce2b048812fd26cd62fe1d,
        type: 3}
      propertyPath: m_RootOrder
      value: 3
      objectReference: {fileID: 0}
    - target: {fileID: 2431692114829185455, guid: e768e70f0bce2b048812fd26cd62fe1d,
        type: 3}
      propertyPath: m_LocalEulerAnglesHint.x
      value: 0
      objectReference: {fileID: 0}
    - target: {fileID: 2431692114829185455, guid: e768e70f0bce2b048812fd26cd62fe1d,
        type: 3}
      propertyPath: m_LocalEulerAnglesHint.y
      value: -28.993002
      objectReference: {fileID: 0}
    - target: {fileID: 2431692114829185455, guid: e768e70f0bce2b048812fd26cd62fe1d,
        type: 3}
      propertyPath: m_LocalEulerAnglesHint.z
      value: 0
      objectReference: {fileID: 0}
    - target: {fileID: 2431692114829185456, guid: e768e70f0bce2b048812fd26cd62fe1d,
        type: 3}
      propertyPath: m_Name
      value: Cono (3)
      objectReference: {fileID: 0}
    m_RemovedComponents: []
  m_SourcePrefab: {fileID: 100100000, guid: e768e70f0bce2b048812fd26cd62fe1d, type: 3}
--- !u!4 &166693132019332157 stripped
Transform:
  m_CorrespondingSourceObject: {fileID: 2431692114829185455, guid: e768e70f0bce2b048812fd26cd62fe1d,
    type: 3}
  m_PrefabInstance: {fileID: 2589338465158129042}
  m_PrefabAsset: {fileID: 0}
--- !u!1001 &6034490836661214662
PrefabInstance:
  m_ObjectHideFlags: 0
  serializedVersion: 2
  m_Modification:
    m_TransformParent: {fileID: 2589338465141571407}
    m_Modifications:
    - target: {fileID: 6585023608935369435, guid: c9cc93ae0b7524648a40fd213e9ab1b2,
        type: 3}
      propertyPath: m_Name
      value: Decoracion
      objectReference: {fileID: 0}
    - target: {fileID: 7832518230789324117, guid: c9cc93ae0b7524648a40fd213e9ab1b2,
        type: 3}
      propertyPath: m_LocalPosition.x
      value: 3.8427625
      objectReference: {fileID: 0}
    - target: {fileID: 7832518230789324117, guid: c9cc93ae0b7524648a40fd213e9ab1b2,
        type: 3}
      propertyPath: m_LocalPosition.y
      value: 0
      objectReference: {fileID: 0}
    - target: {fileID: 7832518230789324117, guid: c9cc93ae0b7524648a40fd213e9ab1b2,
        type: 3}
      propertyPath: m_LocalPosition.z
      value: 1.1295466
      objectReference: {fileID: 0}
    - target: {fileID: 7832518230789324117, guid: c9cc93ae0b7524648a40fd213e9ab1b2,
        type: 3}
      propertyPath: m_LocalRotation.x
      value: -0
      objectReference: {fileID: 0}
    - target: {fileID: 7832518230789324117, guid: c9cc93ae0b7524648a40fd213e9ab1b2,
        type: 3}
      propertyPath: m_LocalRotation.y
      value: 0.14302775
      objectReference: {fileID: 0}
    - target: {fileID: 7832518230789324117, guid: c9cc93ae0b7524648a40fd213e9ab1b2,
        type: 3}
      propertyPath: m_LocalRotation.z
      value: -0
      objectReference: {fileID: 0}
    - target: {fileID: 7832518230789324117, guid: c9cc93ae0b7524648a40fd213e9ab1b2,
        type: 3}
      propertyPath: m_LocalRotation.w
      value: 0.98971874
      objectReference: {fileID: 0}
    - target: {fileID: 7832518230789324117, guid: c9cc93ae0b7524648a40fd213e9ab1b2,
        type: 3}
      propertyPath: m_RootOrder
      value: 8
      objectReference: {fileID: 0}
    - target: {fileID: 7832518230789324117, guid: c9cc93ae0b7524648a40fd213e9ab1b2,
        type: 3}
      propertyPath: m_LocalEulerAnglesHint.x
      value: 0
      objectReference: {fileID: 0}
    - target: {fileID: 7832518230789324117, guid: c9cc93ae0b7524648a40fd213e9ab1b2,
        type: 3}
      propertyPath: m_LocalEulerAnglesHint.y
      value: 16.446001
      objectReference: {fileID: 0}
    - target: {fileID: 7832518230789324117, guid: c9cc93ae0b7524648a40fd213e9ab1b2,
        type: 3}
      propertyPath: m_LocalEulerAnglesHint.z
      value: 0
      objectReference: {fileID: 0}
    m_RemovedComponents: []
  m_SourcePrefab: {fileID: 100100000, guid: c9cc93ae0b7524648a40fd213e9ab1b2, type: 3}
--- !u!4 &4543112383840477331 stripped
Transform:
  m_CorrespondingSourceObject: {fileID: 7832518230789324117, guid: c9cc93ae0b7524648a40fd213e9ab1b2,
    type: 3}
  m_PrefabInstance: {fileID: 6034490836661214662}
  m_PrefabAsset: {fileID: 0}
