%YAML 1.1
%TAG !u! tag:unity3d.com,2011:
--- !u!1 &5515749671957079321
GameObject:
  m_ObjectHideFlags: 0
  m_CorrespondingSourceObject: {fileID: 0}
  m_PrefabInstance: {fileID: 0}
  m_PrefabAsset: {fileID: 0}
  serializedVersion: 6
  m_Component:
  - component: {fileID: 6490130110756798989}
  m_Layer: 0
  m_Name: Tile10
  m_TagString: Untagged
  m_Icon: {fileID: 0}
  m_NavMeshLayer: 0
  m_StaticEditorFlags: 0
  m_IsActive: 1
--- !u!4 &6490130110756798989
Transform:
  m_ObjectHideFlags: 0
  m_CorrespondingSourceObject: {fileID: 0}
  m_PrefabInstance: {fileID: 0}
  m_PrefabAsset: {fileID: 0}
  m_GameObject: {fileID: 5515749671957079321}
  m_LocalRotation: {x: 0, y: 0, z: 0, w: 1}
  m_LocalPosition: {x: 0, y: 0, z: 0}
  m_LocalScale: {x: 1, y: 1, z: 1}
  m_Children:
  - {fileID: 1677920067068607455}
  - {fileID: 819623396309037143}
  - {fileID: 6321727454131757609}
  - {fileID: 3080726321354395833}
  - {fileID: 5066178139163924113}
  m_Father: {fileID: 0}
  m_RootOrder: 0
  m_LocalEulerAnglesHint: {x: 0, y: 0, z: 0}
--- !u!1001 &650022499033335920
PrefabInstance:
  m_ObjectHideFlags: 0
  serializedVersion: 2
  m_Modification:
    m_TransformParent: {fileID: 6490130110756798989}
    m_Modifications:
    - target: {fileID: 6576212237350606044, guid: 82ab4caa0de3ab94db28f5a9ea365829,
        type: 3}
      propertyPath: m_Name
      value: Vasija
      objectReference: {fileID: 0}
    - target: {fileID: 6826913485251635801, guid: 82ab4caa0de3ab94db28f5a9ea365829,
        type: 3}
      propertyPath: m_LocalPosition.x
      value: -3.18
      objectReference: {fileID: 0}
    - target: {fileID: 6826913485251635801, guid: 82ab4caa0de3ab94db28f5a9ea365829,
        type: 3}
      propertyPath: m_LocalPosition.y
      value: -0.03
      objectReference: {fileID: 0}
    - target: {fileID: 6826913485251635801, guid: 82ab4caa0de3ab94db28f5a9ea365829,
        type: 3}
      propertyPath: m_LocalPosition.z
      value: -2.24
      objectReference: {fileID: 0}
    - target: {fileID: 6826913485251635801, guid: 82ab4caa0de3ab94db28f5a9ea365829,
        type: 3}
      propertyPath: m_LocalRotation.x
      value: -0
      objectReference: {fileID: 0}
    - target: {fileID: 6826913485251635801, guid: 82ab4caa0de3ab94db28f5a9ea365829,
        type: 3}
      propertyPath: m_LocalRotation.y
      value: 0.12960456
      objectReference: {fileID: 0}
    - target: {fileID: 6826913485251635801, guid: 82ab4caa0de3ab94db28f5a9ea365829,
        type: 3}
      propertyPath: m_LocalRotation.z
      value: -0
      objectReference: {fileID: 0}
    - target: {fileID: 6826913485251635801, guid: 82ab4caa0de3ab94db28f5a9ea365829,
        type: 3}
      propertyPath: m_LocalRotation.w
      value: 0.99156576
      objectReference: {fileID: 0}
    - target: {fileID: 6826913485251635801, guid: 82ab4caa0de3ab94db28f5a9ea365829,
        type: 3}
      propertyPath: m_RootOrder
      value: 2
      objectReference: {fileID: 0}
    - target: {fileID: 6826913485251635801, guid: 82ab4caa0de3ab94db28f5a9ea365829,
        type: 3}
      propertyPath: m_LocalEulerAnglesHint.x
      value: 0
      objectReference: {fileID: 0}
    - target: {fileID: 6826913485251635801, guid: 82ab4caa0de3ab94db28f5a9ea365829,
        type: 3}
      propertyPath: m_LocalEulerAnglesHint.y
      value: 14.893001
      objectReference: {fileID: 0}
    - target: {fileID: 6826913485251635801, guid: 82ab4caa0de3ab94db28f5a9ea365829,
        type: 3}
      propertyPath: m_LocalEulerAnglesHint.z
      value: 0
      objectReference: {fileID: 0}
    m_RemovedComponents: []
  m_SourcePrefab: {fileID: 100100000, guid: 82ab4caa0de3ab94db28f5a9ea365829, type: 3}
--- !u!4 &6321727454131757609 stripped
Transform:
  m_CorrespondingSourceObject: {fileID: 6826913485251635801, guid: 82ab4caa0de3ab94db28f5a9ea365829,
    type: 3}
  m_PrefabInstance: {fileID: 650022499033335920}
  m_PrefabAsset: {fileID: 0}
--- !u!1001 &2473681134844882064
PrefabInstance:
  m_ObjectHideFlags: 0
  serializedVersion: 2
  m_Modification:
    m_TransformParent: {fileID: 6490130110756798989}
    m_Modifications:
    - target: {fileID: 7213334832006609409, guid: b6a4312044b43924ca29cc456d67844a,
        type: 3}
      propertyPath: m_LocalPosition.x
      value: -1.8529296
      objectReference: {fileID: 0}
    - target: {fileID: 7213334832006609409, guid: b6a4312044b43924ca29cc456d67844a,
        type: 3}
      propertyPath: m_LocalPosition.y
      value: -0.030000001
      objectReference: {fileID: 0}
    - target: {fileID: 7213334832006609409, guid: b6a4312044b43924ca29cc456d67844a,
        type: 3}
      propertyPath: m_LocalPosition.z
      value: -1.0871142
      objectReference: {fileID: 0}
    - target: {fileID: 7213334832006609409, guid: b6a4312044b43924ca29cc456d67844a,
        type: 3}
      propertyPath: m_LocalRotation.x
      value: -0
      objectReference: {fileID: 0}
    - target: {fileID: 7213334832006609409, guid: b6a4312044b43924ca29cc456d67844a,
        type: 3}
      propertyPath: m_LocalRotation.y
      value: -0.09639503
      objectReference: {fileID: 0}
    - target: {fileID: 7213334832006609409, guid: b6a4312044b43924ca29cc456d67844a,
        type: 3}
      propertyPath: m_LocalRotation.z
      value: -0
      objectReference: {fileID: 0}
    - target: {fileID: 7213334832006609409, guid: b6a4312044b43924ca29cc456d67844a,
        type: 3}
      propertyPath: m_LocalRotation.w
      value: 0.9953432
      objectReference: {fileID: 0}
    - target: {fileID: 7213334832006609409, guid: b6a4312044b43924ca29cc456d67844a,
        type: 3}
      propertyPath: m_RootOrder
      value: 4
      objectReference: {fileID: 0}
    - target: {fileID: 7213334832006609409, guid: b6a4312044b43924ca29cc456d67844a,
        type: 3}
      propertyPath: m_LocalEulerAnglesHint.x
      value: 0
      objectReference: {fileID: 0}
    - target: {fileID: 7213334832006609409, guid: b6a4312044b43924ca29cc456d67844a,
        type: 3}
      propertyPath: m_LocalEulerAnglesHint.y
      value: -11.063001
      objectReference: {fileID: 0}
    - target: {fileID: 7213334832006609409, guid: b6a4312044b43924ca29cc456d67844a,
        type: 3}
      propertyPath: m_LocalEulerAnglesHint.z
      value: 0
      objectReference: {fileID: 0}
    - target: {fileID: 7213334832006609409, guid: b6a4312044b43924ca29cc456d67844a,
        type: 3}
      propertyPath: m_LocalScale.x
      value: 1
      objectReference: {fileID: 0}
    - target: {fileID: 7807388055206632275, guid: b6a4312044b43924ca29cc456d67844a,
        type: 3}
      propertyPath: m_Name
      value: Caja
      objectReference: {fileID: 0}
    m_RemovedComponents: []
  m_SourcePrefab: {fileID: 100100000, guid: b6a4312044b43924ca29cc456d67844a, type: 3}
--- !u!4 &5066178139163924113 stripped
Transform:
  m_CorrespondingSourceObject: {fileID: 7213334832006609409, guid: b6a4312044b43924ca29cc456d67844a,
    type: 3}
  m_PrefabInstance: {fileID: 2473681134844882064}
  m_PrefabAsset: {fileID: 0}
--- !u!1001 &5233081768508483435
PrefabInstance:
  m_ObjectHideFlags: 0
  serializedVersion: 2
  m_Modification:
    m_TransformParent: {fileID: 6490130110756798989}
    m_Modifications:
    - target: {fileID: 6905864640628710580, guid: 75dc316ef34de3946865e0518a05ad54,
        type: 3}
      propertyPath: m_LocalPosition.x
      value: 0
      objectReference: {fileID: 0}
    - target: {fileID: 6905864640628710580, guid: 75dc316ef34de3946865e0518a05ad54,
        type: 3}
      propertyPath: m_LocalPosition.y
      value: -0.8
      objectReference: {fileID: 0}
    - target: {fileID: 6905864640628710580, guid: 75dc316ef34de3946865e0518a05ad54,
        type: 3}
      propertyPath: m_LocalPosition.z
      value: 6.3
      objectReference: {fileID: 0}
    - target: {fileID: 6905864640628710580, guid: 75dc316ef34de3946865e0518a05ad54,
        type: 3}
      propertyPath: m_LocalRotation.x
      value: -0
      objectReference: {fileID: 0}
    - target: {fileID: 6905864640628710580, guid: 75dc316ef34de3946865e0518a05ad54,
        type: 3}
      propertyPath: m_LocalRotation.y
      value: -0
      objectReference: {fileID: 0}
    - target: {fileID: 6905864640628710580, guid: 75dc316ef34de3946865e0518a05ad54,
        type: 3}
      propertyPath: m_LocalRotation.z
      value: -0
      objectReference: {fileID: 0}
    - target: {fileID: 6905864640628710580, guid: 75dc316ef34de3946865e0518a05ad54,
        type: 3}
      propertyPath: m_LocalRotation.w
      value: 1
      objectReference: {fileID: 0}
    - target: {fileID: 6905864640628710580, guid: 75dc316ef34de3946865e0518a05ad54,
        type: 3}
      propertyPath: m_RootOrder
      value: 0
      objectReference: {fileID: 0}
    - target: {fileID: 6905864640628710580, guid: 75dc316ef34de3946865e0518a05ad54,
        type: 3}
      propertyPath: m_LocalEulerAnglesHint.x
      value: 0
      objectReference: {fileID: 0}
    - target: {fileID: 6905864640628710580, guid: 75dc316ef34de3946865e0518a05ad54,
        type: 3}
      propertyPath: m_LocalEulerAnglesHint.y
      value: 0
      objectReference: {fileID: 0}
    - target: {fileID: 6905864640628710580, guid: 75dc316ef34de3946865e0518a05ad54,
        type: 3}
      propertyPath: m_LocalEulerAnglesHint.z
      value: 0
      objectReference: {fileID: 0}
    - target: {fileID: 7605971284023586471, guid: 75dc316ef34de3946865e0518a05ad54,
        type: 3}
      propertyPath: m_Name
      value: tramo03
      objectReference: {fileID: 0}
    m_RemovedComponents: []
  m_SourcePrefab: {fileID: 100100000, guid: 75dc316ef34de3946865e0518a05ad54, type: 3}
--- !u!4 &1677920067068607455 stripped
Transform:
  m_CorrespondingSourceObject: {fileID: 6905864640628710580, guid: 75dc316ef34de3946865e0518a05ad54,
    type: 3}
  m_PrefabInstance: {fileID: 5233081768508483435}
  m_PrefabAsset: {fileID: 0}
--- !u!1001 &5681881966840048312
PrefabInstance:
  m_ObjectHideFlags: 0
  serializedVersion: 2
  m_Modification:
    m_TransformParent: {fileID: 6490130110756798989}
    m_Modifications:
    - target: {fileID: 7213334832006609409, guid: b6a4312044b43924ca29cc456d67844a,
        type: 3}
      propertyPath: m_LocalPosition.x
      value: 0.5120705
      objectReference: {fileID: 0}
    - target: {fileID: 7213334832006609409, guid: b6a4312044b43924ca29cc456d67844a,
        type: 3}
      propertyPath: m_LocalPosition.y
      value: 0.38800004
      objectReference: {fileID: 0}
    - target: {fileID: 7213334832006609409, guid: b6a4312044b43924ca29cc456d67844a,
        type: 3}
      propertyPath: m_LocalPosition.z
      value: -0.6491142
      objectReference: {fileID: 0}
    - target: {fileID: 7213334832006609409, guid: b6a4312044b43924ca29cc456d67844a,
        type: 3}
      propertyPath: m_LocalRotation.x
      value: 0.016689233
      objectReference: {fileID: 0}
    - target: {fileID: 7213334832006609409, guid: b6a4312044b43924ca29cc456d67844a,
        type: 3}
      propertyPath: m_LocalRotation.y
      value: -0.14820668
      objectReference: {fileID: 0}
    - target: {fileID: 7213334832006609409, guid: b6a4312044b43924ca29cc456d67844a,
        type: 3}
      propertyPath: m_LocalRotation.z
      value: -0.2836467
      objectReference: {fileID: 0}
    - target: {fileID: 7213334832006609409, guid: b6a4312044b43924ca29cc456d67844a,
        type: 3}
      propertyPath: m_LocalRotation.w
      value: 0.94725966
      objectReference: {fileID: 0}
    - target: {fileID: 7213334832006609409, guid: b6a4312044b43924ca29cc456d67844a,
        type: 3}
      propertyPath: m_RootOrder
      value: 3
      objectReference: {fileID: 0}
    - target: {fileID: 7213334832006609409, guid: b6a4312044b43924ca29cc456d67844a,
        type: 3}
      propertyPath: m_LocalEulerAnglesHint.x
      value: -3.0070002
      objectReference: {fileID: 0}
    - target: {fileID: 7213334832006609409, guid: b6a4312044b43924ca29cc456d67844a,
        type: 3}
      propertyPath: m_LocalEulerAnglesHint.y
      value: -16.897001
      objectReference: {fileID: 0}
    - target: {fileID: 7213334832006609409, guid: b6a4312044b43924ca29cc456d67844a,
        type: 3}
      propertyPath: m_LocalEulerAnglesHint.z
      value: -32.893
      objectReference: {fileID: 0}
    - target: {fileID: 7213334832006609409, guid: b6a4312044b43924ca29cc456d67844a,
        type: 3}
      propertyPath: m_LocalScale.y
      value: 0.5
      objectReference: {fileID: 0}
    - target: {fileID: 7213334832006609409, guid: b6a4312044b43924ca29cc456d67844a,
        type: 3}
      propertyPath: m_LocalScale.x
      value: 2
      objectReference: {fileID: 0}
    - target: {fileID: 7807388055206632275, guid: b6a4312044b43924ca29cc456d67844a,
        type: 3}
      propertyPath: m_Name
      value: Caja (1)
      objectReference: {fileID: 0}
    m_RemovedComponents: []
  m_SourcePrefab: {fileID: 100100000, guid: b6a4312044b43924ca29cc456d67844a, type: 3}
--- !u!4 &3080726321354395833 stripped
Transform:
  m_CorrespondingSourceObject: {fileID: 7213334832006609409, guid: b6a4312044b43924ca29cc456d67844a,
    type: 3}
  m_PrefabInstance: {fileID: 5681881966840048312}
  m_PrefabAsset: {fileID: 0}
--- !u!1001 &8740428368019617077
PrefabInstance:
  m_ObjectHideFlags: 0
  serializedVersion: 2
  m_Modification:
    m_TransformParent: {fileID: 6490130110756798989}
    m_Modifications:
    - target: {fileID: 8186944661016764479, guid: e5ba6e68956295e41a8d0103cc1601ba,
        type: 3}
      propertyPath: m_Name
      value: Cactus
      objectReference: {fileID: 0}
    - target: {fileID: 8220158284583601506, guid: e5ba6e68956295e41a8d0103cc1601ba,
        type: 3}
      propertyPath: m_LocalPosition.x
      value: -1.08
      objectReference: {fileID: 0}
    - target: {fileID: 8220158284583601506, guid: e5ba6e68956295e41a8d0103cc1601ba,
        type: 3}
      propertyPath: m_LocalPosition.y
      value: 1.35
      objectReference: {fileID: 0}
    - target: {fileID: 8220158284583601506, guid: e5ba6e68956295e41a8d0103cc1601ba,
        type: 3}
      propertyPath: m_LocalPosition.z
      value: 5.49
      objectReference: {fileID: 0}
    - target: {fileID: 8220158284583601506, guid: e5ba6e68956295e41a8d0103cc1601ba,
        type: 3}
      propertyPath: m_LocalRotation.x
      value: 0.17309946
      objectReference: {fileID: 0}
    - target: {fileID: 8220158284583601506, guid: e5ba6e68956295e41a8d0103cc1601ba,
        type: 3}
      propertyPath: m_LocalRotation.y
      value: 0.3475799
      objectReference: {fileID: 0}
    - target: {fileID: 8220158284583601506, guid: e5ba6e68956295e41a8d0103cc1601ba,
        type: 3}
      propertyPath: m_LocalRotation.z
      value: 0.06429045
      objectReference: {fileID: 0}
    - target: {fileID: 8220158284583601506, guid: e5ba6e68956295e41a8d0103cc1601ba,
        type: 3}
      propertyPath: m_LocalRotation.w
      value: 0.91928864
      objectReference: {fileID: 0}
    - target: {fileID: 8220158284583601506, guid: e5ba6e68956295e41a8d0103cc1601ba,
        type: 3}
      propertyPath: m_RootOrder
      value: 1
      objectReference: {fileID: 0}
    - target: {fileID: 8220158284583601506, guid: e5ba6e68956295e41a8d0103cc1601ba,
        type: 3}
      propertyPath: m_LocalEulerAnglesHint.x
      value: 15.876
      objectReference: {fileID: 0}
    - target: {fileID: 8220158284583601506, guid: e5ba6e68956295e41a8d0103cc1601ba,
        type: 3}
      propertyPath: m_LocalEulerAnglesHint.y
      value: 43.435
      objectReference: {fileID: 0}
    - target: {fileID: 8220158284583601506, guid: e5ba6e68956295e41a8d0103cc1601ba,
        type: 3}
      propertyPath: m_LocalEulerAnglesHint.z
      value: 14.359
      objectReference: {fileID: 0}
    m_RemovedComponents: []
  m_SourcePrefab: {fileID: 100100000, guid: e5ba6e68956295e41a8d0103cc1601ba, type: 3}
--- !u!4 &819623396309037143 stripped
Transform:
  m_CorrespondingSourceObject: {fileID: 8220158284583601506, guid: e5ba6e68956295e41a8d0103cc1601ba,
    type: 3}
  m_PrefabInstance: {fileID: 8740428368019617077}
  m_PrefabAsset: {fileID: 0}
