%YAML 1.1
%TAG !u! tag:unity3d.com,2011:
--- !u!1 &250820098270739138
GameObject:
  m_ObjectHideFlags: 0
  m_CorrespondingSourceObject: {fileID: 0}
  m_PrefabInstance: {fileID: 0}
  m_PrefabAsset: {fileID: 0}
  serializedVersion: 6
  m_Component:
  - component: {fileID: 3633673371257290965}
  m_Layer: 0
  m_Name: Obstaculos
  m_TagString: Untagged
  m_Icon: {fileID: 0}
  m_NavMeshLayer: 0
  m_StaticEditorFlags: 0
  m_IsActive: 1
--- !u!4 &3633673371257290965
Transform:
  m_ObjectHideFlags: 0
  m_CorrespondingSourceObject: {fileID: 0}
  m_PrefabInstance: {fileID: 0}
  m_PrefabAsset: {fileID: 0}
  m_GameObject: {fileID: 250820098270739138}
  m_LocalRotation: {x: 0, y: 0, z: 0, w: 1}
  m_LocalPosition: {x: 0, y: 0, z: 0}
  m_LocalScale: {x: 1, y: 1, z: 1}
  m_Children:
  - {fileID: 4397901858058132358}
  - {fileID: 2530677366733729192}
  - {fileID: 7221158626644992403}
  m_Father: {fileID: 4128676680560675335}
  m_RootOrder: 1
  m_LocalEulerAnglesHint: {x: 0, y: 0, z: 0}
--- !u!1 &4343952061263549163
GameObject:
  m_ObjectHideFlags: 0
  m_CorrespondingSourceObject: {fileID: 0}
  m_PrefabInstance: {fileID: 0}
  m_PrefabAsset: {fileID: 0}
  serializedVersion: 6
  m_Component:
  - component: {fileID: 4128676680560675335}
  m_Layer: 0
  m_Name: Tile09
  m_TagString: Untagged
  m_Icon: {fileID: 0}
  m_NavMeshLayer: 0
  m_StaticEditorFlags: 0
  m_IsActive: 1
--- !u!4 &4128676680560675335
Transform:
  m_ObjectHideFlags: 0
  m_CorrespondingSourceObject: {fileID: 0}
  m_PrefabInstance: {fileID: 0}
  m_PrefabAsset: {fileID: 0}
  m_GameObject: {fileID: 4343952061263549163}
  m_LocalRotation: {x: 0, y: 0, z: 0, w: 1}
  m_LocalPosition: {x: 0, y: 0, z: 0}
  m_LocalScale: {x: 1, y: 1, z: 1}
  m_Children:
  - {fileID: 6324587442437818308}
  - {fileID: 3633673371257290965}
  m_Father: {fileID: 0}
  m_RootOrder: 0
  m_LocalEulerAnglesHint: {x: 0, y: 0, z: 0}
--- !u!1001 &1610820060011997493
PrefabInstance:
  m_ObjectHideFlags: 0
  serializedVersion: 2
  m_Modification:
    m_TransformParent: {fileID: 3633673371257290965}
    m_Modifications:
    - target: {fileID: 1726143356520813454, guid: 6f6dd8151f5c44e4da6f2d62586fc43f,
        type: 3}
      propertyPath: m_Name
      value: Barril
      objectReference: {fileID: 0}
    - target: {fileID: 3121755675278144179, guid: 6f6dd8151f5c44e4da6f2d62586fc43f,
        type: 3}
      propertyPath: m_LocalPosition.x
      value: -3.92
      objectReference: {fileID: 0}
    - target: {fileID: 3121755675278144179, guid: 6f6dd8151f5c44e4da6f2d62586fc43f,
        type: 3}
      propertyPath: m_LocalPosition.y
      value: -0.29
      objectReference: {fileID: 0}
    - target: {fileID: 3121755675278144179, guid: 6f6dd8151f5c44e4da6f2d62586fc43f,
        type: 3}
      propertyPath: m_LocalPosition.z
      value: 9.16
      objectReference: {fileID: 0}
    - target: {fileID: 3121755675278144179, guid: 6f6dd8151f5c44e4da6f2d62586fc43f,
        type: 3}
      propertyPath: m_LocalRotation.x
      value: 0.09563838
      objectReference: {fileID: 0}
    - target: {fileID: 3121755675278144179, guid: 6f6dd8151f5c44e4da6f2d62586fc43f,
        type: 3}
      propertyPath: m_LocalRotation.y
      value: -0.25874284
      objectReference: {fileID: 0}
    - target: {fileID: 3121755675278144179, guid: 6f6dd8151f5c44e4da6f2d62586fc43f,
        type: 3}
      propertyPath: m_LocalRotation.z
      value: -0.15676762
      objectReference: {fileID: 0}
    - target: {fileID: 3121755675278144179, guid: 6f6dd8151f5c44e4da6f2d62586fc43f,
        type: 3}
      propertyPath: m_LocalRotation.w
      value: 0.9483298
      objectReference: {fileID: 0}
    - target: {fileID: 3121755675278144179, guid: 6f6dd8151f5c44e4da6f2d62586fc43f,
        type: 3}
      propertyPath: m_RootOrder
      value: 0
      objectReference: {fileID: 0}
    - target: {fileID: 3121755675278144179, guid: 6f6dd8151f5c44e4da6f2d62586fc43f,
        type: 3}
      propertyPath: m_LocalEulerAnglesHint.x
      value: 5.755
      objectReference: {fileID: 0}
    - target: {fileID: 3121755675278144179, guid: 6f6dd8151f5c44e4da6f2d62586fc43f,
        type: 3}
      propertyPath: m_LocalEulerAnglesHint.y
      value: -31.559002
      objectReference: {fileID: 0}
    - target: {fileID: 3121755675278144179, guid: 6f6dd8151f5c44e4da6f2d62586fc43f,
        type: 3}
      propertyPath: m_LocalEulerAnglesHint.z
      value: -20.401001
      objectReference: {fileID: 0}
    m_RemovedComponents: []
  m_SourcePrefab: {fileID: 100100000, guid: 6f6dd8151f5c44e4da6f2d62586fc43f, type: 3}
--- !u!4 &4397901858058132358 stripped
Transform:
  m_CorrespondingSourceObject: {fileID: 3121755675278144179, guid: 6f6dd8151f5c44e4da6f2d62586fc43f,
    type: 3}
  m_PrefabInstance: {fileID: 1610820060011997493}
  m_PrefabAsset: {fileID: 0}
--- !u!1001 &3446184879392939068
PrefabInstance:
  m_ObjectHideFlags: 0
  serializedVersion: 2
  m_Modification:
    m_TransformParent: {fileID: 3633673371257290965}
    m_Modifications:
    - target: {fileID: 922546655935410580, guid: 87ba1a41890315f4983767112a691a03,
        type: 3}
      propertyPath: m_LocalPosition.x
      value: 0.57
      objectReference: {fileID: 0}
    - target: {fileID: 922546655935410580, guid: 87ba1a41890315f4983767112a691a03,
        type: 3}
      propertyPath: m_LocalPosition.y
      value: 2.04
      objectReference: {fileID: 0}
    - target: {fileID: 922546655935410580, guid: 87ba1a41890315f4983767112a691a03,
        type: 3}
      propertyPath: m_LocalPosition.z
      value: 3.45
      objectReference: {fileID: 0}
    - target: {fileID: 922546655935410580, guid: 87ba1a41890315f4983767112a691a03,
        type: 3}
      propertyPath: m_LocalRotation.x
      value: -0.009653793
      objectReference: {fileID: 0}
    - target: {fileID: 922546655935410580, guid: 87ba1a41890315f4983767112a691a03,
        type: 3}
      propertyPath: m_LocalRotation.y
      value: 0.014847265
      objectReference: {fileID: 0}
    - target: {fileID: 922546655935410580, guid: 87ba1a41890315f4983767112a691a03,
        type: 3}
      propertyPath: m_LocalRotation.z
      value: -0.8382329
      objectReference: {fileID: 0}
    - target: {fileID: 922546655935410580, guid: 87ba1a41890315f4983767112a691a03,
        type: 3}
      propertyPath: m_LocalRotation.w
      value: 0.5450249
      objectReference: {fileID: 0}
    - target: {fileID: 922546655935410580, guid: 87ba1a41890315f4983767112a691a03,
        type: 3}
      propertyPath: m_RootOrder
      value: 1
      objectReference: {fileID: 0}
    - target: {fileID: 922546655935410580, guid: 87ba1a41890315f4983767112a691a03,
        type: 3}
      propertyPath: m_LocalEulerAnglesHint.x
      value: 0.823
      objectReference: {fileID: 0}
    - target: {fileID: 922546655935410580, guid: 87ba1a41890315f4983767112a691a03,
        type: 3}
      propertyPath: m_LocalEulerAnglesHint.y
      value: 1.8550001
      objectReference: {fileID: 0}
    - target: {fileID: 922546655935410580, guid: 87ba1a41890315f4983767112a691a03,
        type: 3}
      propertyPath: m_LocalEulerAnglesHint.z
      value: -113.922005
      objectReference: {fileID: 0}
    - target: {fileID: 3369119178345194483, guid: 87ba1a41890315f4983767112a691a03,
        type: 3}
      propertyPath: m_Name
      value: Pala
      objectReference: {fileID: 0}
    m_RemovedComponents: []
  m_SourcePrefab: {fileID: 100100000, guid: 87ba1a41890315f4983767112a691a03, type: 3}
--- !u!4 &2530677366733729192 stripped
Transform:
  m_CorrespondingSourceObject: {fileID: 922546655935410580, guid: 87ba1a41890315f4983767112a691a03,
    type: 3}
  m_PrefabInstance: {fileID: 3446184879392939068}
  m_PrefabAsset: {fileID: 0}
--- !u!1001 &6328502469593507017
PrefabInstance:
  m_ObjectHideFlags: 0
  serializedVersion: 2
  m_Modification:
    m_TransformParent: {fileID: 4128676680560675335}
    m_Modifications:
    - target: {fileID: 6238295263191821, guid: 03fe1988546420a4c8f0bb25417b66c7, type: 3}
      propertyPath: m_LocalPosition.x
      value: 0
      objectReference: {fileID: 0}
    - target: {fileID: 6238295263191821, guid: 03fe1988546420a4c8f0bb25417b66c7, type: 3}
      propertyPath: m_LocalPosition.y
      value: -0.8
      objectReference: {fileID: 0}
    - target: {fileID: 6238295263191821, guid: 03fe1988546420a4c8f0bb25417b66c7, type: 3}
      propertyPath: m_LocalPosition.z
      value: 6.3
      objectReference: {fileID: 0}
    - target: {fileID: 6238295263191821, guid: 03fe1988546420a4c8f0bb25417b66c7, type: 3}
      propertyPath: m_LocalRotation.x
      value: -0
      objectReference: {fileID: 0}
    - target: {fileID: 6238295263191821, guid: 03fe1988546420a4c8f0bb25417b66c7, type: 3}
      propertyPath: m_LocalRotation.y
      value: -0
      objectReference: {fileID: 0}
    - target: {fileID: 6238295263191821, guid: 03fe1988546420a4c8f0bb25417b66c7, type: 3}
      propertyPath: m_LocalRotation.z
      value: -0
      objectReference: {fileID: 0}
    - target: {fileID: 6238295263191821, guid: 03fe1988546420a4c8f0bb25417b66c7, type: 3}
      propertyPath: m_LocalRotation.w
      value: 1
      objectReference: {fileID: 0}
    - target: {fileID: 6238295263191821, guid: 03fe1988546420a4c8f0bb25417b66c7, type: 3}
      propertyPath: m_RootOrder
      value: 0
      objectReference: {fileID: 0}
    - target: {fileID: 6238295263191821, guid: 03fe1988546420a4c8f0bb25417b66c7, type: 3}
      propertyPath: m_LocalEulerAnglesHint.x
      value: 0
      objectReference: {fileID: 0}
    - target: {fileID: 6238295263191821, guid: 03fe1988546420a4c8f0bb25417b66c7, type: 3}
      propertyPath: m_LocalEulerAnglesHint.y
      value: 0
      objectReference: {fileID: 0}
    - target: {fileID: 6238295263191821, guid: 03fe1988546420a4c8f0bb25417b66c7, type: 3}
      propertyPath: m_LocalEulerAnglesHint.z
      value: 0
      objectReference: {fileID: 0}
    - target: {fileID: 3912907254553923870, guid: 03fe1988546420a4c8f0bb25417b66c7,
        type: 3}
      propertyPath: m_Name
      value: tramo02
      objectReference: {fileID: 0}
    m_RemovedComponents: []
  m_SourcePrefab: {fileID: 100100000, guid: 03fe1988546420a4c8f0bb25417b66c7, type: 3}
--- !u!4 &6324587442437818308 stripped
Transform:
  m_CorrespondingSourceObject: {fileID: 6238295263191821, guid: 03fe1988546420a4c8f0bb25417b66c7,
    type: 3}
  m_PrefabInstance: {fileID: 6328502469593507017}
  m_PrefabAsset: {fileID: 0}
--- !u!1001 &6796326641998574316
PrefabInstance:
  m_ObjectHideFlags: 0
  serializedVersion: 2
  m_Modification:
    m_TransformParent: {fileID: 3633673371257290965}
    m_Modifications:
    - target: {fileID: 4208563894835549055, guid: 2b45b046729ac5f4a83ce7eef0f48026,
        type: 3}
      propertyPath: m_LocalPosition.x
      value: 3.09
      objectReference: {fileID: 0}
    - target: {fileID: 4208563894835549055, guid: 2b45b046729ac5f4a83ce7eef0f48026,
        type: 3}
      propertyPath: m_LocalPosition.y
      value: 0.00999999
      objectReference: {fileID: 0}
    - target: {fileID: 4208563894835549055, guid: 2b45b046729ac5f4a83ce7eef0f48026,
        type: 3}
      propertyPath: m_LocalPosition.z
      value: 3.08
      objectReference: {fileID: 0}
    - target: {fileID: 4208563894835549055, guid: 2b45b046729ac5f4a83ce7eef0f48026,
        type: 3}
      propertyPath: m_LocalRotation.x
      value: -0
      objectReference: {fileID: 0}
    - target: {fileID: 4208563894835549055, guid: 2b45b046729ac5f4a83ce7eef0f48026,
        type: 3}
      propertyPath: m_LocalRotation.y
      value: 0.23515043
      objectReference: {fileID: 0}
    - target: {fileID: 4208563894835549055, guid: 2b45b046729ac5f4a83ce7eef0f48026,
        type: 3}
      propertyPath: m_LocalRotation.z
      value: -0
      objectReference: {fileID: 0}
    - target: {fileID: 4208563894835549055, guid: 2b45b046729ac5f4a83ce7eef0f48026,
        type: 3}
      propertyPath: m_LocalRotation.w
      value: 0.97195905
      objectReference: {fileID: 0}
    - target: {fileID: 4208563894835549055, guid: 2b45b046729ac5f4a83ce7eef0f48026,
        type: 3}
      propertyPath: m_RootOrder
      value: 2
      objectReference: {fileID: 0}
    - target: {fileID: 4208563894835549055, guid: 2b45b046729ac5f4a83ce7eef0f48026,
        type: 3}
      propertyPath: m_LocalEulerAnglesHint.x
      value: 0
      objectReference: {fileID: 0}
    - target: {fileID: 4208563894835549055, guid: 2b45b046729ac5f4a83ce7eef0f48026,
        type: 3}
      propertyPath: m_LocalEulerAnglesHint.y
      value: 27.201002
      objectReference: {fileID: 0}
    - target: {fileID: 4208563894835549055, guid: 2b45b046729ac5f4a83ce7eef0f48026,
        type: 3}
      propertyPath: m_LocalEulerAnglesHint.z
      value: 0
      objectReference: {fileID: 0}
    - target: {fileID: 4637465625349384535, guid: 2b45b046729ac5f4a83ce7eef0f48026,
        type: 3}
      propertyPath: m_Name
      value: MuenoNieve
      objectReference: {fileID: 0}
    m_RemovedComponents: []
  m_SourcePrefab: {fileID: 100100000, guid: 2b45b046729ac5f4a83ce7eef0f48026, type: 3}
--- !u!4 &7221158626644992403 stripped
Transform:
  m_CorrespondingSourceObject: {fileID: 4208563894835549055, guid: 2b45b046729ac5f4a83ce7eef0f48026,
    type: 3}
  m_PrefabInstance: {fileID: 6796326641998574316}
  m_PrefabAsset: {fileID: 0}
