%YAML 1.1
%TAG !u! tag:unity3d.com,2011:
--- !u!1 &308843366979534454
GameObject:
  m_ObjectHideFlags: 0
  m_CorrespondingSourceObject: {fileID: 0}
  m_PrefabInstance: {fileID: 0}
  m_PrefabAsset: {fileID: 0}
  serializedVersion: 6
  m_Component:
  - component: {fileID: 6003383993244308034}
  m_Layer: 0
  m_Name: Decoracion
  m_TagString: Untagged
  m_Icon: {fileID: 0}
  m_NavMeshLayer: 0
  m_StaticEditorFlags: 0
  m_IsActive: 1
--- !u!4 &6003383993244308034
Transform:
  m_ObjectHideFlags: 0
  m_CorrespondingSourceObject: {fileID: 0}
  m_PrefabInstance: {fileID: 0}
  m_PrefabAsset: {fileID: 0}
  m_GameObject: {fileID: 308843366979534454}
  m_LocalRotation: {x: 0, y: 0, z: 0, w: 1}
  m_LocalPosition: {x: 0, y: 0, z: 0}
  m_LocalScale: {x: -1, y: 1, z: 1}
  m_Children:
  - {fileID: 619383205440965348}
  m_Father: {fileID: 6370724001287942558}
  m_RootOrder: 2
  m_LocalEulerAnglesHint: {x: 0, y: 0, z: 0}
--- !u!1 &2906524318952971614
GameObject:
  m_ObjectHideFlags: 0
  m_CorrespondingSourceObject: {fileID: 0}
  m_PrefabInstance: {fileID: 0}
  m_PrefabAsset: {fileID: 0}
  serializedVersion: 6
  m_Component:
  - component: {fileID: 6370724001287942558}
  m_Layer: 0
  m_Name: Tile20
  m_TagString: Untagged
  m_Icon: {fileID: 0}
  m_NavMeshLayer: 0
  m_StaticEditorFlags: 0
  m_IsActive: 1
--- !u!4 &6370724001287942558
Transform:
  m_ObjectHideFlags: 0
  m_CorrespondingSourceObject: {fileID: 0}
  m_PrefabInstance: {fileID: 0}
  m_PrefabAsset: {fileID: 0}
  m_GameObject: {fileID: 2906524318952971614}
  m_LocalRotation: {x: 0, y: 0, z: 0, w: 1}
  m_LocalPosition: {x: 0, y: 0, z: 0}
  m_LocalScale: {x: 1, y: 1, z: 1}
  m_Children:
  - {fileID: 1675885480247408156}
  - {fileID: 317012992836757402}
  - {fileID: 6003383993244308034}
  - {fileID: 69892908008529954}
  - {fileID: 1152811684773217004}
  m_Father: {fileID: 0}
  m_RootOrder: 0
  m_LocalEulerAnglesHint: {x: 0, y: 0, z: 0}
--- !u!1 &6016445048386877843
GameObject:
  m_ObjectHideFlags: 0
  m_CorrespondingSourceObject: {fileID: 0}
  m_PrefabInstance: {fileID: 0}
  m_PrefabAsset: {fileID: 0}
  serializedVersion: 6
  m_Component:
  - component: {fileID: 317012992836757402}
  m_Layer: 0
  m_Name: Obstaculos
  m_TagString: Untagged
  m_Icon: {fileID: 0}
  m_NavMeshLayer: 0
  m_StaticEditorFlags: 0
  m_IsActive: 1
--- !u!4 &317012992836757402
Transform:
  m_ObjectHideFlags: 0
  m_CorrespondingSourceObject: {fileID: 0}
  m_PrefabInstance: {fileID: 0}
  m_PrefabAsset: {fileID: 0}
  m_GameObject: {fileID: 6016445048386877843}
  m_LocalRotation: {x: 0, y: 0, z: 0, w: 1}
  m_LocalPosition: {x: 0, y: 0, z: 0}
  m_LocalScale: {x: -1, y: 1, z: 1}
  m_Children:
  - {fileID: 8727509369877244870}
  m_Father: {fileID: 6370724001287942558}
  m_RootOrder: 1
  m_LocalEulerAnglesHint: {x: 0, y: 0, z: 0}
--- !u!1001 &1389105113511596313
PrefabInstance:
  m_ObjectHideFlags: 0
  serializedVersion: 2
  m_Modification:
    m_TransformParent: {fileID: 6003383993244308034}
    m_Modifications:
    - target: {fileID: 2008440523348466685, guid: dfaf019a5cff6034d85538f0fe0ac812,
        type: 3}
      propertyPath: m_LocalPosition.x
      value: -0.215
      objectReference: {fileID: 0}
    - target: {fileID: 2008440523348466685, guid: dfaf019a5cff6034d85538f0fe0ac812,
        type: 3}
      propertyPath: m_LocalPosition.y
      value: 3.642
      objectReference: {fileID: 0}
    - target: {fileID: 2008440523348466685, guid: dfaf019a5cff6034d85538f0fe0ac812,
        type: 3}
      propertyPath: m_LocalPosition.z
      value: 8.449
      objectReference: {fileID: 0}
    - target: {fileID: 2008440523348466685, guid: dfaf019a5cff6034d85538f0fe0ac812,
        type: 3}
      propertyPath: m_LocalRotation.x
      value: 0.122144304
      objectReference: {fileID: 0}
    - target: {fileID: 2008440523348466685, guid: dfaf019a5cff6034d85538f0fe0ac812,
        type: 3}
      propertyPath: m_LocalRotation.y
      value: -0.22846101
      objectReference: {fileID: 0}
    - target: {fileID: 2008440523348466685, guid: dfaf019a5cff6034d85538f0fe0ac812,
        type: 3}
      propertyPath: m_LocalRotation.z
      value: -0.089570925
      objectReference: {fileID: 0}
    - target: {fileID: 2008440523348466685, guid: dfaf019a5cff6034d85538f0fe0ac812,
        type: 3}
      propertyPath: m_LocalRotation.w
      value: 0.96169823
      objectReference: {fileID: 0}
    - target: {fileID: 2008440523348466685, guid: dfaf019a5cff6034d85538f0fe0ac812,
        type: 3}
      propertyPath: m_RootOrder
      value: 0
      objectReference: {fileID: 0}
    - target: {fileID: 2008440523348466685, guid: dfaf019a5cff6034d85538f0fe0ac812,
        type: 3}
      propertyPath: m_LocalEulerAnglesHint.x
      value: 11.187
      objectReference: {fileID: 0}
    - target: {fileID: 2008440523348466685, guid: dfaf019a5cff6034d85538f0fe0ac812,
        type: 3}
      propertyPath: m_LocalEulerAnglesHint.y
      value: -28.050001
      objectReference: {fileID: 0}
    - target: {fileID: 2008440523348466685, guid: dfaf019a5cff6034d85538f0fe0ac812,
        type: 3}
      propertyPath: m_LocalEulerAnglesHint.z
      value: -13.445001
      objectReference: {fileID: 0}
    - target: {fileID: 5257711495411150208, guid: dfaf019a5cff6034d85538f0fe0ac812,
        type: 3}
      propertyPath: m_Name
      value: SenalPez
      objectReference: {fileID: 0}
    m_RemovedComponents: []
  m_SourcePrefab: {fileID: 100100000, guid: dfaf019a5cff6034d85538f0fe0ac812, type: 3}
--- !u!4 &619383205440965348 stripped
Transform:
  m_CorrespondingSourceObject: {fileID: 2008440523348466685, guid: dfaf019a5cff6034d85538f0fe0ac812,
    type: 3}
  m_PrefabInstance: {fileID: 1389105113511596313}
  m_PrefabAsset: {fileID: 0}
--- !u!1001 &2763236494931371250
PrefabInstance:
  m_ObjectHideFlags: 0
  serializedVersion: 2
  m_Modification:
    m_TransformParent: {fileID: 6370724001287942558}
    m_Modifications:
    - target: {fileID: 3001474248713987614, guid: e153218d49474124fa4343e4cfe0c139,
        type: 3}
      propertyPath: m_LocalPosition.x
      value: 3.46
      objectReference: {fileID: 0}
    - target: {fileID: 3001474248713987614, guid: e153218d49474124fa4343e4cfe0c139,
        type: 3}
      propertyPath: m_LocalPosition.y
      value: -0.8
      objectReference: {fileID: 0}
    - target: {fileID: 3001474248713987614, guid: e153218d49474124fa4343e4cfe0c139,
        type: 3}
      propertyPath: m_LocalPosition.z
      value: 10.92
      objectReference: {fileID: 0}
    - target: {fileID: 3001474248713987614, guid: e153218d49474124fa4343e4cfe0c139,
        type: 3}
      propertyPath: m_LocalRotation.x
      value: -0
      objectReference: {fileID: 0}
    - target: {fileID: 3001474248713987614, guid: e153218d49474124fa4343e4cfe0c139,
        type: 3}
      propertyPath: m_LocalRotation.y
      value: -0
      objectReference: {fileID: 0}
    - target: {fileID: 3001474248713987614, guid: e153218d49474124fa4343e4cfe0c139,
        type: 3}
      propertyPath: m_LocalRotation.z
      value: -0
      objectReference: {fileID: 0}
    - target: {fileID: 3001474248713987614, guid: e153218d49474124fa4343e4cfe0c139,
        type: 3}
      propertyPath: m_LocalRotation.w
      value: 1
      objectReference: {fileID: 0}
    - target: {fileID: 3001474248713987614, guid: e153218d49474124fa4343e4cfe0c139,
        type: 3}
      propertyPath: m_RootOrder
      value: 4
      objectReference: {fileID: 0}
    - target: {fileID: 3001474248713987614, guid: e153218d49474124fa4343e4cfe0c139,
        type: 3}
      propertyPath: m_LocalEulerAnglesHint.x
      value: 0
      objectReference: {fileID: 0}
    - target: {fileID: 3001474248713987614, guid: e153218d49474124fa4343e4cfe0c139,
        type: 3}
      propertyPath: m_LocalEulerAnglesHint.y
      value: 0
      objectReference: {fileID: 0}
    - target: {fileID: 3001474248713987614, guid: e153218d49474124fa4343e4cfe0c139,
        type: 3}
      propertyPath: m_LocalEulerAnglesHint.z
      value: 0
      objectReference: {fileID: 0}
    - target: {fileID: 3001474248713987615, guid: e153218d49474124fa4343e4cfe0c139,
        type: 3}
      propertyPath: m_Name
      value: Moneda (1)
      objectReference: {fileID: 0}
    m_RemovedComponents: []
  m_SourcePrefab: {fileID: 100100000, guid: e153218d49474124fa4343e4cfe0c139, type: 3}
--- !u!4 &1152811684773217004 stripped
Transform:
  m_CorrespondingSourceObject: {fileID: 3001474248713987614, guid: e153218d49474124fa4343e4cfe0c139,
    type: 3}
  m_PrefabInstance: {fileID: 2763236494931371250}
  m_PrefabAsset: {fileID: 0}
--- !u!1001 &2981154083089319484
PrefabInstance:
  m_ObjectHideFlags: 0
  serializedVersion: 2
  m_Modification:
    m_TransformParent: {fileID: 6370724001287942558}
    m_Modifications:
    - target: {fileID: 3001474248713987614, guid: e153218d49474124fa4343e4cfe0c139,
        type: 3}
      propertyPath: m_LocalPosition.x
      value: 3.46
      objectReference: {fileID: 0}
    - target: {fileID: 3001474248713987614, guid: e153218d49474124fa4343e4cfe0c139,
        type: 3}
      propertyPath: m_LocalPosition.y
      value: -0.8
      objectReference: {fileID: 0}
    - target: {fileID: 3001474248713987614, guid: e153218d49474124fa4343e4cfe0c139,
        type: 3}
      propertyPath: m_LocalPosition.z
      value: 9.47
      objectReference: {fileID: 0}
    - target: {fileID: 3001474248713987614, guid: e153218d49474124fa4343e4cfe0c139,
        type: 3}
      propertyPath: m_LocalRotation.x
      value: -0
      objectReference: {fileID: 0}
    - target: {fileID: 3001474248713987614, guid: e153218d49474124fa4343e4cfe0c139,
        type: 3}
      propertyPath: m_LocalRotation.y
      value: -0
      objectReference: {fileID: 0}
    - target: {fileID: 3001474248713987614, guid: e153218d49474124fa4343e4cfe0c139,
        type: 3}
      propertyPath: m_LocalRotation.z
      value: -0
      objectReference: {fileID: 0}
    - target: {fileID: 3001474248713987614, guid: e153218d49474124fa4343e4cfe0c139,
        type: 3}
      propertyPath: m_LocalRotation.w
      value: 1
      objectReference: {fileID: 0}
    - target: {fileID: 3001474248713987614, guid: e153218d49474124fa4343e4cfe0c139,
        type: 3}
      propertyPath: m_RootOrder
      value: 3
      objectReference: {fileID: 0}
    - target: {fileID: 3001474248713987614, guid: e153218d49474124fa4343e4cfe0c139,
        type: 3}
      propertyPath: m_LocalEulerAnglesHint.x
      value: 0
      objectReference: {fileID: 0}
    - target: {fileID: 3001474248713987614, guid: e153218d49474124fa4343e4cfe0c139,
        type: 3}
      propertyPath: m_LocalEulerAnglesHint.y
      value: 0
      objectReference: {fileID: 0}
    - target: {fileID: 3001474248713987614, guid: e153218d49474124fa4343e4cfe0c139,
        type: 3}
      propertyPath: m_LocalEulerAnglesHint.z
      value: 0
      objectReference: {fileID: 0}
    - target: {fileID: 3001474248713987615, guid: e153218d49474124fa4343e4cfe0c139,
        type: 3}
      propertyPath: m_Name
      value: Moneda
      objectReference: {fileID: 0}
    m_RemovedComponents: []
  m_SourcePrefab: {fileID: 100100000, guid: e153218d49474124fa4343e4cfe0c139, type: 3}
--- !u!4 &69892908008529954 stripped
Transform:
  m_CorrespondingSourceObject: {fileID: 3001474248713987614, guid: e153218d49474124fa4343e4cfe0c139,
    type: 3}
  m_PrefabInstance: {fileID: 2981154083089319484}
  m_PrefabAsset: {fileID: 0}
--- !u!1001 &4862063612649814201
PrefabInstance:
  m_ObjectHideFlags: 0
  serializedVersion: 2
  m_Modification:
    m_TransformParent: {fileID: 317012992836757402}
    m_Modifications:
    - target: {fileID: 4208563894835549055, guid: 2b45b046729ac5f4a83ce7eef0f48026,
        type: 3}
      propertyPath: m_LocalPosition.x
      value: -2.470213
      objectReference: {fileID: 0}
    - target: {fileID: 4208563894835549055, guid: 2b45b046729ac5f4a83ce7eef0f48026,
        type: 3}
      propertyPath: m_LocalPosition.y
      value: 0.00999999
      objectReference: {fileID: 0}
    - target: {fileID: 4208563894835549055, guid: 2b45b046729ac5f4a83ce7eef0f48026,
        type: 3}
      propertyPath: m_LocalPosition.z
      value: 6.3
      objectReference: {fileID: 0}
    - target: {fileID: 4208563894835549055, guid: 2b45b046729ac5f4a83ce7eef0f48026,
        type: 3}
      propertyPath: m_LocalRotation.x
      value: -0
      objectReference: {fileID: 0}
    - target: {fileID: 4208563894835549055, guid: 2b45b046729ac5f4a83ce7eef0f48026,
        type: 3}
      propertyPath: m_LocalRotation.y
      value: -0.37025443
      objectReference: {fileID: 0}
    - target: {fileID: 4208563894835549055, guid: 2b45b046729ac5f4a83ce7eef0f48026,
        type: 3}
      propertyPath: m_LocalRotation.z
      value: -0
      objectReference: {fileID: 0}
    - target: {fileID: 4208563894835549055, guid: 2b45b046729ac5f4a83ce7eef0f48026,
        type: 3}
      propertyPath: m_LocalRotation.w
      value: 0.92893046
      objectReference: {fileID: 0}
    - target: {fileID: 4208563894835549055, guid: 2b45b046729ac5f4a83ce7eef0f48026,
        type: 3}
      propertyPath: m_RootOrder
      value: 0
      objectReference: {fileID: 0}
    - target: {fileID: 4208563894835549055, guid: 2b45b046729ac5f4a83ce7eef0f48026,
        type: 3}
      propertyPath: m_LocalEulerAnglesHint.x
      value: 0
      objectReference: {fileID: 0}
    - target: {fileID: 4208563894835549055, guid: 2b45b046729ac5f4a83ce7eef0f48026,
        type: 3}
      propertyPath: m_LocalEulerAnglesHint.y
      value: -43.463
      objectReference: {fileID: 0}
    - target: {fileID: 4208563894835549055, guid: 2b45b046729ac5f4a83ce7eef0f48026,
        type: 3}
      propertyPath: m_LocalEulerAnglesHint.z
      value: 0
      objectReference: {fileID: 0}
    - target: {fileID: 4208563894835549055, guid: 2b45b046729ac5f4a83ce7eef0f48026,
        type: 3}
      propertyPath: m_LocalScale.x
      value: 3
      objectReference: {fileID: 0}
    - target: {fileID: 4208563894835549055, guid: 2b45b046729ac5f4a83ce7eef0f48026,
        type: 3}
      propertyPath: m_LocalScale.y
      value: 3
      objectReference: {fileID: 0}
    - target: {fileID: 4208563894835549055, guid: 2b45b046729ac5f4a83ce7eef0f48026,
        type: 3}
      propertyPath: m_LocalScale.z
      value: 3
      objectReference: {fileID: 0}
    - target: {fileID: 4637465625349384535, guid: 2b45b046729ac5f4a83ce7eef0f48026,
        type: 3}
      propertyPath: m_Name
      value: MuenoNieve
      objectReference: {fileID: 0}
    m_RemovedComponents: []
  m_SourcePrefab: {fileID: 100100000, guid: 2b45b046729ac5f4a83ce7eef0f48026, type: 3}
--- !u!4 &8727509369877244870 stripped
Transform:
  m_CorrespondingSourceObject: {fileID: 4208563894835549055, guid: 2b45b046729ac5f4a83ce7eef0f48026,
    type: 3}
  m_PrefabInstance: {fileID: 4862063612649814201}
  m_PrefabAsset: {fileID: 0}
--- !u!1001 &8962640293172166232
PrefabInstance:
  m_ObjectHideFlags: 0
  serializedVersion: 2
  m_Modification:
    m_TransformParent: {fileID: 6370724001287942558}
    m_Modifications:
    - target: {fileID: 5913327617047306080, guid: 7132823e334a83c4b989d4ae764a25ba,
        type: 3}
      propertyPath: m_Name
      value: tramo01
      objectReference: {fileID: 0}
    - target: {fileID: 7719241415363954756, guid: 7132823e334a83c4b989d4ae764a25ba,
        type: 3}
      propertyPath: m_LocalPosition.x
      value: 0
      objectReference: {fileID: 0}
    - target: {fileID: 7719241415363954756, guid: 7132823e334a83c4b989d4ae764a25ba,
        type: 3}
      propertyPath: m_LocalPosition.y
      value: -0.8
      objectReference: {fileID: 0}
    - target: {fileID: 7719241415363954756, guid: 7132823e334a83c4b989d4ae764a25ba,
        type: 3}
      propertyPath: m_LocalPosition.z
      value: 6.3
      objectReference: {fileID: 0}
    - target: {fileID: 7719241415363954756, guid: 7132823e334a83c4b989d4ae764a25ba,
        type: 3}
      propertyPath: m_LocalRotation.x
      value: -0
      objectReference: {fileID: 0}
    - target: {fileID: 7719241415363954756, guid: 7132823e334a83c4b989d4ae764a25ba,
        type: 3}
      propertyPath: m_LocalRotation.y
      value: -0
      objectReference: {fileID: 0}
    - target: {fileID: 7719241415363954756, guid: 7132823e334a83c4b989d4ae764a25ba,
        type: 3}
      propertyPath: m_LocalRotation.z
      value: -0
      objectReference: {fileID: 0}
    - target: {fileID: 7719241415363954756, guid: 7132823e334a83c4b989d4ae764a25ba,
        type: 3}
      propertyPath: m_LocalRotation.w
      value: 1
      objectReference: {fileID: 0}
    - target: {fileID: 7719241415363954756, guid: 7132823e334a83c4b989d4ae764a25ba,
        type: 3}
      propertyPath: m_RootOrder
      value: 0
      objectReference: {fileID: 0}
    - target: {fileID: 7719241415363954756, guid: 7132823e334a83c4b989d4ae764a25ba,
        type: 3}
      propertyPath: m_LocalEulerAnglesHint.x
      value: 0
      objectReference: {fileID: 0}
    - target: {fileID: 7719241415363954756, guid: 7132823e334a83c4b989d4ae764a25ba,
        type: 3}
      propertyPath: m_LocalEulerAnglesHint.y
      value: 0
      objectReference: {fileID: 0}
    - target: {fileID: 7719241415363954756, guid: 7132823e334a83c4b989d4ae764a25ba,
        type: 3}
      propertyPath: m_LocalEulerAnglesHint.z
      value: 0
      objectReference: {fileID: 0}
    - target: {fileID: 7719241415363954756, guid: 7132823e334a83c4b989d4ae764a25ba,
        type: 3}
      propertyPath: m_LocalScale.x
      value: -1
      objectReference: {fileID: 0}
    m_RemovedComponents: []
  m_SourcePrefab: {fileID: 100100000, guid: 7132823e334a83c4b989d4ae764a25ba, type: 3}
--- !u!4 &1675885480247408156 stripped
Transform:
  m_CorrespondingSourceObject: {fileID: 7719241415363954756, guid: 7132823e334a83c4b989d4ae764a25ba,
    type: 3}
  m_PrefabInstance: {fileID: 8962640293172166232}
  m_PrefabAsset: {fileID: 0}
